% Encoding: UTF-8

@online{ocaml_about,
  author       = {{OCaml Team}},
  title        = {About OCaml},
  year         = {2024},
  url          = {https://ocaml.org/about}
}

@book{linz2011formal,
  author    = {Peter Linz},
  title     = {An Introduction to Formal Languages and Automata},
  edition   = {5th},
  year      = {2011},
  publisher = {Jones \& Bartlett Learning},
  isbn      = {978-0-7637-7964-8}
}

@book{hopcroft2006automata,
  author    = {John E. Hopcroft and Rajeev Motwani and Jeffrey D. Ullman},
  title     = {Introduction to Automata Theory, Languages, and Computation},
  edition   = {3rd},
  year      = {2006},
  address   = {Boston, MA},
  isbn      = {978-0-321-45536-9}
}

@incollection{vannoord1997fst,
  author    = {Gertjan van Noord and Dale Gerdemann},
  title     = {Finite State Transducers: Algebraic Properties and Composition},
  booktitle = {Finite State Devices for Natural Language Processing},
  year      = {1997},
  editor    = {Kyle Templeton and Lauri Karttunen and Ronald M. Kaplan},
  publisher = {Lecture Notes in Computer Science, Springer},
  note      = {\url{https://www.let.rug.nl/vannoord/papers/fsa/node23.html}}
}


@online{chomsky_hierarchy,
  author       = {{Wikipedia contributors}},
  title        = {Chomsky hierarchy --- Wikipedia{,} The Free Encyclopedia},
  year         = {2024},
  url          = {https://en.wikipedia.org/wiki/Chomsky_hierarchy}
}

@online{finite_state_transducer,
  author       = {{Wikipedia contributors}},
  title        = {Finite-state transducer --- Wikipedia{,} The Free Encyclopedia},
  year         = {2024},
  url          = {https://en.wikipedia.org/wiki/Finite-state_transducer}
}

@online{automatonSimulator,
  title     = {Automaton Simulator},
  author    = {{Kyle Dickerson}},
  year      = {2024},
  url       = {https://automatonsimulator.com/}
}

@online{FAdo,
  author       = {FAdo Project},
  title        = {{FAdo: Tools for Formal Languages Manipulation}},
  howpublished = {\url{https://fado.dcc.fc.up.pt/}},
  year         = {2025}
}

@online{flapjs,
  title     = {Flap.js Web Application},
  author    = {{Flap.js Contributors}},
  year      = {2024},
  url       = {https://flapjs.github.io/FLAPJS-WebApp/}
}

@online{JFLAP,
  author       = {Susan H. Rodger},
  title        = {{JFLAP}: Java Formal Languages and Automata Package},
  howpublished = {\url{https://www.jflap.org}}
}

@online{declarative-programming,
  title        = {Declarative Programming},
  author       = {{Wikipedia contributors}},
  year         = {2023},
  howpublished = {\url{https://en.wikipedia.org/wiki/Declarative_programming}}
}

@online{js-of-ocaml-manual,
  title        = {js\_of\_ocaml Manual},
  author       = {{Ocsigen Team}},
  year         = {2025},
  howpublished = {\url{https://ocsigen.org/js_of_ocaml/latest/manual/overview}}
}

@online{cytoscape,
  title        = {Cytoscape.js},
  author       = {Cytoscape.js Contributors},
  year         = {2024},
  url          = {https://js.cytoscape.org/}
}

@online{webbrowsers,
  title        = {How Browsers Work},
  author       = {Mozilla Developer Network},
  year         = {2024},
  url          = {https://developer.mozilla.org/en-US/docs/Web/Performance/How_browsers_work}
}

@online{html,
  title        = {HTML - HyperText Markup Language},
  author       = {Mozilla Developer Network},
  year         = {2024},
  url          = {https://developer.mozilla.org/en-US/docs/Web/HTML}
}

@online{dom,
  title        = {Document Object Model (DOM)},
  author       = {Mozilla Developer Network},
  year         = {2024},
  url          = {https://developer.mozilla.org/en-US/docs/Web/API/Document_Object_Model}
}

@online{javascript,
  title        = {JavaScript},
  author       = {Mozilla Developer Network},
  year         = {2024},
  url          = {https://developer.mozilla.org/en-US/docs/Web/JavaScript}
}

@inproceedings{konstantinidis2016code,
  author    = {Stavros Konstantinidis and Casey Meijer and Nelma Moreira and Rog{\'e}rio Reis},
  title     = {Implementation of Code Properties via Transducers},
  booktitle = {Implementation and Application of Automata (CIAA 2016)},
  year      = {2016},
  url       = {https://www.dcc.fc.up.pt/~nam/publica/ciaa16.pdf}
}

